@article{aer12:dufloetal,
author = {Duflo, Esther and Hanna, Rema and Ryan, Stephen P.},
title = {Incentives Work: Getting Teachers to Come to School},
journal = {American Economic Review},
volume = {102},
number = {4},
year = {2012},
pages = {1241--78},
note = {https://www.aeaweb.org/articles?id=10.1257/aer.102.4.1241}
}

@article{jpe97:ecksteinwolpin,
author = {Keane, Michael P. and Wolpin, Kenneth I.},
title = {The Career Decisions of Young Men},
journal = {Journal of Political Economy},
volume = {105},
number = {3},
year = {1997},
pages = {473--522},
note = {https://doi.org/10.1086/262080}
}

@article{ecma11:ecksteinwolpin,
author = {Eckstein, Zvi and Lifshitz, Osnat},
title = {Dynamic Female Labor Supply},
journal = {Econometrica},
volume = {79},
number = {6},
year = {2011},
pages = {1675--1726},
note = {https://onlinelibrary.wiley.com/doi/pdf/10.3982/ECTA8803}
}

@article{journalYY:authors,
author = {Authors, The},
title = {Paper Title},
journal = {Journal Name},
volume = {VV},
number = {N},
year = {YYYY},
pages = {PP--PP},
note = {URL}
}